<?xml version="1.0" encoding="UTF-8"?><collection xmlns="http://www.loc.gov/MARC21/slim"><record><leader>00428nam--2200133-i-4500</leader><controlfield tag="001">000010593</controlfield><controlfield tag="002">20161230</controlfield><controlfield tag="005">20161230201028</controlfield><controlfield tag="008">060222s1000------------r-----000-0-eng-d</controlfield><datafield ind1=" " ind2=" " tag="080"><subfield code="a">015:543.22:532.59:621.37.029.6</subfield></datafield><datafield ind1=" " ind2=" " tag="100"><subfield code="a">Caudron, Francis</subfield></datafield><datafield ind1=" " ind2=" " tag="245"><subfield code="a">Mesure de variations de la vitesse et de l`att enuation d`une onde de surface par methodes de bouclage. these</subfield></datafield><datafield ind1=" " ind2=" " tag="260"><subfield code="a">Paris, Univ. De Paris, 1971. 143 P</subfield></datafield><datafield ind1=" " ind2=" " tag="852"><subfield code="a">38180</subfield></datafield></record></collection>